@book{balzert2011,
  	author = {Balzert, Helmut and Schr{\"o}der, Marion and Schaefer, Christian},
 	title = {Wissenschaftliches Arbeiten},
 	subtitle = {Ethik, Inhalt \& Form wiss. Arbeiten, Handwerkszeug, Quellen, Projektmanagement, Pr{\"a}sentation},
 	edition = {2. Auflage},
 	publisher = {W3L},
 	address = {Herdecke, Witten},
  	year = {2011},
  	isbn = {978-3-86834-034-1},

}

@book{franck2013,
  	author = {Franck, Norbert and Stary, Joachim},
	title = {Die Technik wissenschaftlichen Arbeitens: eine praktische Anleitung},
 	edition = {17. Auflage},
  	address = {Paderborn},
 	publisher = {Sch{\"o}ningh},
  	year = {2013},
	isbn = {978-3-50697-027-5},
}

@book{martin2008,
 	author = {Martin, Robert C.},
 	title = {Clean Code: A Handbook of Agile Software Craftsmanship},
 	year = {2008},
 	isbn = {978-0-13235-088-4},
 	edition = {1. Auflage},
 	publisher = {Prentice Hall PTR},
 	address = {Upper Saddle River, NJ, USA},
} 



@misc{rstpo2013,
	author = {HTW Berlin},
	title = {Grunds{\"a}tze f{\"u}r Studien- und Pr{\"u}fungsordnungen f{\"u}r Bachelor- und Masterstudieng{\"a}nge der Hochschule f{\"u}r Technik und Wirtschaft Berlin (AMBL 04/13)},
	year = {2013},
	note = {Online: \url{https://www.htw-berlin.de/fileadmin/HTW/Zentral/Rechtsstelle/Amtliche_Mitteilungsblaetter/2013/04_13.pdf}; letzter Zugriff: 13 VI 19},
	volume = {AMBL 04/13},

}

@misc{wikipedia2019,
	author = {Wikipedia},
	title = {Academic Use},
	year = {2019},
	note = {Online: \url{https://en.wikipedia.org/wiki/Wikipedia:Academic_use}; letzter Zugriff: 13 VI 19},
}


@misc{loriot2,
	author = {Loriot},
	title = {M{\"o}pse und Menschen. Eine Art Biographie. Zurich},
	HOWPUBLISHED = "In: faz.net",
	year = {1983},
	note = {Online: \url{https://media0.faz.net/ppmedia/aktuell/feuilleton/1461387463/1.721778/format_top1_breit/die-steinlaus-trotzt-seit.jpg}; letzter Zugriff: 13 VI 19},
}


@misc{loriot,
	Author = {Loriot},
	Note = {Online: \url{https://www.tagblatt.de/Bilder/Loriots-legendaere-Steinlaus-Loriot-Katalog-1993-2003-125217h.jpg}; letzter Zugriff: 14 VI 19},
	HOWPUBLISHED = "In: tagblatt.de",
	Title = {Steinlaus, Loriot Katalog, Diogenes Verlag, Z\"urich},
	Year = {1993, 2003},
}


@book{bortz2016,
	Address = {Berlin, Heidelberg},
	Author = {D{\"o}ring, N. and Bortz, J. (with P{\"o}schl, S.)},
	Publisher = {{Springer}},
	Title = {{Forschungsmethoden und Evaluation in den Sozial- und Humanwissenschaften}},
	Year = {2016},
}


@misc{acm,
	author = {Association for Computing Machinery (ACM)},
	title = {ACM Code of Ethics and Professional Conduct},
	year = {2018},
	note = {Online: \url{https://www.acm.org/code-of-ethics}; letzter Zugriff: 14 VI 19},
}

@misc{ieee,
	author = {IEEE},
	title = {IEEE Code of Ethics},
	year = {2019},
	note = {Online: \url{https://www.ieee.org/about/corporate/governance/p7-8.html}; letzter Zugriff: 14 VI 19},
}

@misc{gi,
	author = {Gesellschaft f{\"u}r Informatik (GI)},
	title = {Ethische Leitlinien},
	year = {2018},
	note = {Online: \url{https://gi.de/ueber-uns/organisation/unsere-ethischen-leitlinien/}; letzter Zugriff: 14 VI 19},
}

@misc{pschy,
	author = {Pschyrembel online},
	title = {Steinlaus},
	year = {2016},
	note = {Online: \url{https://www.pschyrembel.de/Steinlaus/K0LHT}; letzter Zugriff: 14 VI 19},
}

